<?xml version="1.0" encoding="UTF-8"?><record xmlns="http://www.loc.gov/MARC21/slim" xmlns:cinclude="http://apache.org/cocoon/include/1.0" xmlns:zs="http://www.loc.gov/zing/srw/">
  <leader>00578nz  a2200145n  4500</leader>
  <controlfield tag="001">no2011093852</controlfield>
  <controlfield tag="003">DLC</controlfield>
  <controlfield tag="005">20110618075303.0</controlfield>
  <controlfield tag="008">110616n| acannaabn          |a aaa     c</controlfield>
  <datafield tag="010" ind1=" " ind2=" ">
    <subfield code="a">no2011093852</subfield>
  </datafield>
  <datafield tag="035" ind1=" " ind2=" ">
    <subfield code="a">(OCoLC)oca08889370</subfield>
  </datafield>
  <datafield tag="040" ind1=" " ind2=" ">
    <subfield code="a">MX-SlUA</subfield>
    <subfield code="b">eng</subfield>
    <subfield code="c">MX-SlUA</subfield>
  </datafield>
  <datafield tag="100" ind1="1" ind2=" ">
    <subfield code="a">Robles Saldaña, Juan Carlos</subfield>
  </datafield>
  <datafield tag="400" ind1="1" ind2=" ">
    <subfield code="a">Saldaña, Juan Carlos Robles</subfield>
  </datafield>
  <datafield tag="670" ind1=" " ind2=" ">
    <subfield code="a">Captación (In situ) del agua de lluvia por medio de microcuencas en el cultivar de frijol..., 1988:</subfield>
    <subfield code="b">t.p. (Juan Carlos Robles Saldaña; Universidad Autónoma de San Luis Potosí; Ingeniero Agrónomo Fitotecnista)</subfield>
  </datafield>
</record>